@misc{planning-tutorial,
  author = {Malte Helmert and Gabriele R\"oger},
  title = {A Beginner's Introduction to Heuristic Search Planning},
  howpublished = "\url{https://ai.dmi.unibas.ch/misc/tutorial_aaai2015/}",
  year = {2015}
}

@article{bonet2001planning,
  title={Planning as heuristic search},
  author={Bonet, Blai and Geffner, H{\'e}ctor},
  journal={Artificial Intelligence},
  volume={129},
  number={1-2},
  pages={5--33},
  year={2001},
  publisher={Elsevier}
}

@article{berthold2013measuring,
  title={Measuring the impact of primal heuristics},
  author={Berthold, Timo},
  journal={Operations Research Letters},
  volume={41},
  number={6},
  pages={611--614},
  year={2013},
  publisher={Elsevier}
}

@article{fischetti2003local,
  title={Local branching},
  author={Fischetti, Matteo and Lodi, Andrea},
  journal={Mathematical programming},
  volume={98},
  number={1},
  pages={23--47},
  year={2003},
  publisher={Springer}
}

@inproceedings{felner2011position,
  title={Position paper: Dijkstra's algorithm versus uniform cost search or a case against dijkstra's algorithm},
  author={Felner, Ariel},
  booktitle={Proceedings of the International Symposium on Combinatorial Search},
  volume={2},
  number={1},
  pages={47--51},
  year={2011}
}
